@book{witten2011data,
  title={Data Mining: Practical Machine Learning Tools and Techniques},
  author={Witten, I.H. and Frank, E. and Hall, M.A.},
  isbn={9780080890364},
  lccn={2010039827},
  series={The Morgan Kaufmann Series in Data Management Systems},
  url={https://books.google.com.py/books?id=bDtLM8CODsQC},
  year={2011},
  publisher={Elsevier Science}
}
@article{ruppert1980trimmed,
  title={Trimmed least squares estimation in the linear model},
  author={Ruppert, David and Carroll, Raymond J},
  journal={Journal of the American Statistical Association},
  volume={75},
  number={372},
  pages={828--838},
  year={1980},
  publisher={Taylor \& Francis}
}
@MISC{Hu07,
    author = {Shuhua Hu},
    title = {Estimation error},
    year = {2007}
}
@article{kotsiantis2006discretization,
  title={Discretization techniques: A recent survey},
  author={Kotsiantis, Sotiris and Kanellopoulos, Dimitris},
  journal={GESTS International Transactions on Computer Science and Engineering},
  volume={32},
  number={1},
  pages={47--58},
  year={2006},
  publisher={Citeseer}
}
@inproceedings{dougherty1995supervised,
  title={Supervised and unsupervised discretization of continuous features},
  author={Dougherty, James and Kohavi, Ron and Sahami, Mehran and others},
  booktitle={Machine learning: proceedings of the twelfth international conference},
  volume={12},
  pages={194--202},
  year={1995}
}
@article{irani1993multi,
  title={Multi-interval discretization of continuous-valued attributes for classification learning},
  author={Irani, Keki B},
  year={1993}
}
@inproceedings{arthur2007k,
  title={k-means++: The advantages of careful seeding},
  author={Arthur, David and Vassilvitskii, Sergei},
  booktitle={Proceedings of the eighteenth annual ACM-SIAM symposium on Discrete algorithms},
  pages={1027--1035},
  year={2007},
  organization={Society for Industrial and Applied Mathematics}
}
@book{larose2014discovering,
  title={Discovering knowledge in data: an introduction to data mining},
  author={Larose, Daniel T},
  year={2014},
  publisher={John Wiley \& Sons}
}
@article{chapman2000crisp,
  title={CRISP-DM 1.0 Step-by-step data mining guide},
  author={Chapman, Pete and Clinton, Julian and Kerber, Randy and Khabaza, Thomas and Reinartz, Thomas and Shearer, Colin and Wirth, Rudiger},
  year={2000}
}
@misc{oct2014poll,
  title={{KD Nuggets} What main methodology are you using for your analytics, data mining, or data science projects?},
  howpublished={\url{http://www.kdnuggets.com/polls/2014/analytics-data-mining-data-science-methodology.html}},
  note={Acedido: 2016-mayo-03}
}